@Online{web1t5gram,
  author = {Thorsten Brants and Alex Franz},
  title = {Web {1T} 5-gram {V}ersion 1},
  address = {Philadelphia},
  publisher = {Linguistic Data Consortium},
  year = {2006}
}

@article{barton2014,
  title={Package '{M}u{M}{I}n'},
  author={Barton, Kamil},
  journal={Version},
  volume={1.13.4},
  year={2015}
}

@book{bolinger,
  title={Degree Words},
  author={Dwight Bolinger},
  publisher={Mouton},
  address={Paris},
  year={1972}
}

@article{smithLevy,
  title={The effect of word predictability on reading time is logarithmic},
  author={Smith, Nathaniel J and Levy, Roger},
  journal={Cognition},
  year={2013},
  publisher={Elsevier}
}

@article{levy,
  title={Expectation-based syntactic comprehension},
  author={Levy, Roger},
  journal={Cognition},
  year={2008},
  publisher={Elsevier}
}

@article{frank,
  title={Predicting pragmatic reasoning in language games},
  author={Frank, Michael C and Goodman, Noah D},
  journal={Science},
  year={2012},
  publisher={American Association for the Advancement of Science}
}

@article{goodman,
  title={Knowledge and implicature: Modeling language understanding as social cognition},
  author={Goodman, Noah D and Stuhlm{\"u}ller, Andreas},
  journal={Topics in cognitive science},
  year={2013},
  publisher={Wiley Online Library}
}

@article{dehaene,
  title={The neural basis of the {W}eber-{F}echner law: a logarithmic mental number line},
  author={Dehaene, Stanislas},
  journal={Trends in Cognitive Sciences},
  volume={7},
  number={4},
  pages={145--147},
  year={2003},
  publisher={Elsevier}
}

@article{quirk,
  title={A comprehensive grammar of the English language},
  author={Randolph Quirk and Sidney Greenbaum and Geoffrey Leech and Jan Svartvik},
  publisher={Longman},
  address={New York},
  year={1985}
}

@book{levinson,
  title={Presumptive meanings: The theory of generalized conversational implicature},
  author={Levinson, Stephen C},
  year={2000},
  publisher={MIT Press}
}

@book{maluma-takete,
  title={Gestalt psychology},
  edition={Second},
  author={K{\"o}hler, Wolfgang},
  year={1947},
  publisher={Liveright}
}

@inproceedings{McCusker1977,
  title={Some determinants of word recognition: Frequency},
  author={McCusker, LM},
  booktitle={24th Annual Convention of the Southwestern Psychological Association, Fort Worth, TX},
  year={1977}
}


@article{bouba-kiki,
  title={Synaesthesia -- a window into perception, thought and language},
  author={Ramachandran, Vilayanur S and Hubbard, Edward M},
  journal={Journal of Consciousness Studies},
  year={2001},
  publisher={Imprint Academic}
}

@article{wheeler,
  title={Attributives and their modifiers},
  author={Wheeler, Samuel C},
  journal={No{\^u}s},
  year={1972},
  publisher={Wiley-Blackwell}
}

@article{kennedy,
  title={Vagueness and grammar: The semantics of relative and absolute gradable adjectives},
  author={Kennedy, Christopher},
  journal={Linguistics and Philosophy},
  year={2007},
}

@article{koriat,
  title={Figural symbolism in Chinese ideographs},
  author={Asher Koriat and Ilia Levy},
  journal={Journal of Psycholinguistic Research},
  year={1979},
  publisher={Springer}
}


@inbook{peters,
  title={Degree adverbs in Early Modern English},
  author={Hans Peters},
  booktitle={Studies in Early Modern English},
  editor={Dieter Kastovsky},
  publisher={Mouton de Gruyter},
  address={Berlin},
  year={1994}
}

@article{klein,
  title={A semantics for positive and comparative adjectives},
  author={Klein, Ewan},
  journal={Linguistics and philosophy},
  year={1980},
  publisher={Springer}
}

@inproceedings{kennedyMcnally1999,
  title={From event structure to scale structure: Degree modification in deverbal adjectives},
  author={Christopher Kennedy and Louise McNally},
  booktitle={Proceedings of SALT},
  year={1999}
}

@book{sutton,
  title={Reinforcement learning: An introduction},
  author={Sutton, Richard S and Barto, Andrew G},
  year={1998},
  publisher={MIT press}
}

@article{kennedyMcnally,
  title={Scale structure, degree modification, and the semantics of gradable predicates},
  author={Kennedy, Christopher and McNally, Louise},
  journal={Language},
  year={2005},
}

@inproceedings{lassiter,
  author = {Lassiter, D. and Goodman, N. D.},
  booktitle = {Semantics and {L}inguistic {T}heory {(SALT)} 23},
  title = {Context, scale structure, and statistics in the interpretation of positive-form adjectives},
  year = {2013}
} 

@article{bouba-kiki2,
  author={M. Holland and M. Wertheimer},
  year={1964},
  title={Some physiognomic aspects of naming, or \emph{maluma} and \emph{takete} revisited},
  journal={Perceptual and Motor Skills}
}

@article{takete-uloomo,
  author={R. Davis},
  year={1961},
  title={The fitness of names to drawings: a cross-cultural study in Tanganyika},
  journal={British Journal of Psychology}
}

@@incollection{saussure,
  author = {Ferdinand de Saussure},
  year = {1916},
  title = {Nature of the Linguistic Sign},
  booktitle = {Cours de linguistique generale}
}

@InProceedigs{lewis,
  author = {Molly Lewis and Elise Sugarman and Michael C Frank},
  title = {The structure of the lexicon reflects principles of communication},
  booktitle = {Proceedings of the 36th Annual Meeting of the Cognitive Science Society},
  year = {2014}
}

@article{books2011,
  title={Quantitative analysis of culture using millions of digitized books},
  author={Michel, Jean-Baptiste and Shen, Yuan Kui and Aiden, Aviva Presser and Veres, Adrian and Gray, Matthew K and Pickett, Joseph P and Hoiberg, Dale and Clancy, Dan and Norvig, Peter and Orwant, Jon and others},
  journal={Science},
  year={2011},
  publisher={American Association for the Advancement of Science}
}
