% -----------------------------------------------------------------------
% File: degree-adverbs.bib
% -----------------------------------------------------------------------

@InProceedings{label,
  author =	 {author},
  title =	 {title},
  booktitle =	 {booktitle},
  pages =	 {pages},
  year =	 1988,
  address =	 {address},
  publisher =	 {publisher}
}

@Online{web1t5gram,
	author = {Thorsten Brants and Alex Franz},
	title = {Web {1T} 5-gram {V}ersion 1},
	address = {Philadelphia},
	publisher = {Linguistic Data Consortium},
	year = {2006}
}

@InProceedings{lewis,
	author = {Molly Lewis and Elise Sugarman and Michael C Frank},
	title = {The structure of the lexicon reflects principles of communication},
	booktitle = {Proceedings of the 36th Annual Meeting of the Cognitive Science Society},
	year = {2014}
}

% -----------------------------------------------------------------------
% Document End
% -----------------------------------------------------------------------
