% -----------------------------------------------------------------------
% File: degree-adverbs.bib
% -----------------------------------------------------------------------

@InProceedings{label,
  author =	 {author},
  title =	 {title},
  booktitle =	 {booktitle},
  pages =	 {pages},
  year =	 1988,
  address =	 {address},
  publisher =	 {publisher}
}

% -----------------------------------------------------------------------
% Document End
% -----------------------------------------------------------------------
