@Online{web1t5gram,
  author = {Thorsten Brants and Alex Franz},
  title = {Web {1T} 5-gram {V}ersion 1},
  address = {Philadelphia},
  publisher = {Linguistic Data Consortium},
  year = {2006}
}

@InProceedings{lewis,
  author = {Molly Lewis and Elise Sugarman and Michael C Frank},
  title = {The structure of the lexicon reflects principles of communication},
  booktitle = {Proceedings of the 36th Annual Meeting of the Cognitive Science Society},
  year = {2014}
}

@article{books2011,
  title={Quantitative analysis of culture using millions of digitized books},
  author={Michel, Jean-Baptiste and Shen, Yuan Kui and Aiden, Aviva Presser and Veres, Adrian and Gray, Matthew K and Pickett, Joseph P and Hoiberg, Dale and Clancy, Dan and Norvig, Peter and Orwant, Jon and others},
  journal={science},
  volume={331},
  number={6014},
  pages={176--182},
  year={2011},
  publisher={American Association for the Advancement of Science}
}
